<record><leader>00000cas a22000007a 4500</leader><controlfield tag="001">16899311</controlfield><controlfield tag="008">871026d197u1976aluwr ne      0    0eng d</controlfield><datafield ind1=" " ind2=" " tag="010"><subfield code="a">sn 87050335 </subfield></datafield><datafield ind1=" " ind2=" " tag="040"><subfield code="a">CPN</subfield><subfield code="b">eng</subfield><subfield code="c">CPN</subfield><subfield code="d">OCLCQ</subfield></datafield><datafield ind1=" " ind2=" " tag="042"><subfield code="a">msc</subfield></datafield><datafield ind1="0" ind2="4" tag="245"><subfield code="a">The Shelby County advertiser.</subfield></datafield><datafield ind1=" " ind2=" " tag="260"><subfield code="a">Pelham, Ala. :</subfield><subfield code="b">Tommy M. Patterson</subfield></datafield><datafield ind1=" " ind2=" " tag="300"><subfield code="a">v.</subfield></datafield><datafield ind1=" " ind2=" " tag="310"><subfield code="a">Weekly</subfield></datafield><datafield ind1="0" ind2=" " tag="362"><subfield code="a">-v. 4, no. 50 (Dec. 16, 1976).</subfield></datafield><datafield ind1=" " ind2=" " tag="588"><subfield code="a">Description based on: Vol. 2, no. 1 (Jan. 3, 1974).</subfield></datafield><datafield ind1=" " ind2=" " tag="752"><subfield code="a">United States</subfield><subfield code="b">Alabama</subfield><subfield code="c">Shelby</subfield><subfield code="d">Pelham.</subfield></datafield><datafield ind1="0" ind2="7" tag="785"><subfield code="t">Shelby news-monitor</subfield><subfield code="w">(DLC)sn 87050334</subfield></datafield><datafield ind1="0" ind2="7" tag="785"><subfield code="t">Shelby County news</subfield><subfield code="w">(DLC)sn 87050336</subfield></datafield><datafield ind1="1" ind2=" " tag="029"><subfield code="a">AU@</subfield><subfield code="b">000025822630</subfield></datafield></record>